<record><leader>00000cas a22000007a 4500</leader><controlfield tag="001">12004767</controlfield><controlfield tag="008">850507d19091925utuwr ne      0    0eng d</controlfield><datafield ind1=" " ind2=" " tag="010"><subfield code="a">sn 85058131 </subfield></datafield><datafield ind1=" " ind2=" " tag="040"><subfield code="a">UNP</subfield><subfield code="b">eng</subfield><subfield code="c">UNP</subfield><subfield code="d">OCLCQ</subfield><subfield code="d">UBY</subfield><subfield code="d">OCLCQ</subfield><subfield code="d">OCLCF</subfield><subfield code="d">OCLCO</subfield></datafield><datafield ind1=" " ind2=" " tag="042"><subfield code="a">msc</subfield></datafield><datafield ind1=" " ind2=" " tag="043"><subfield code="a">n-us-ut</subfield></datafield><datafield ind1="0" ind2=" " tag="130"><subfield code="a">South Cache courier (Hyrum, Utah : 1909)</subfield></datafield><datafield ind1="1" ind2="0" tag="245"><subfield code="a">South Cache courier.</subfield></datafield><datafield ind1="1" ind2="3" tag="246"><subfield code="a">South ache [sic] courier</subfield><subfield code="f">&lt;Jan. 9-30, 1920&gt;</subfield></datafield><datafield ind1=" " ind2=" " tag="260"><subfield code="a">Hyrum, Utah :</subfield><subfield code="b">J.A. Wahlen,</subfield><subfield code="c">-1925.</subfield></datafield><datafield ind1=" " ind2=" " tag="300"><subfield code="a">v.</subfield></datafield><datafield ind1=" " ind2=" " tag="310"><subfield code="a">Weekly</subfield></datafield><datafield ind1="1" ind2=" " tag="362"><subfield code="a">Began in 1909.</subfield><subfield code="z">Cf. Ayers, 1911.</subfield></datafield><datafield ind1="0" ind2=" " tag="362"><subfield code="a">-v. 17, no. 2 (Dec. 4, 1925).</subfield></datafield><datafield ind1=" " ind2=" " tag="500"><subfield code="a">Also published as: South ache [sic] courier, &lt;Jan. 9-30, 1920&gt;.</subfield></datafield><datafield ind1=" " ind2=" " tag="515"><subfield code="a">Jan. 7-14, 1921 issues incorrectly marked as 1920.</subfield></datafield><datafield ind1=" " ind2=" " tag="515"><subfield code="a">Jan. 5, 1923 issue incorrectly marked as 1922.</subfield></datafield><datafield ind1=" " ind2=" " tag="588"><subfield code="a">Description based on: Vol. 8, no. 6 (Jan. 5, 1917).</subfield></datafield><datafield ind1=" " ind2="0" tag="651"><subfield code="a">Hyrum (Utah)</subfield><subfield code="v">Newspapers.</subfield></datafield><datafield ind1=" " ind2="0" tag="651"><subfield code="a">Cache County (Utah)</subfield><subfield code="v">Newspapers.</subfield></datafield><datafield ind1=" " ind2="7" tag="655"><subfield code="a">Newspapers.</subfield><subfield code="2">fast</subfield><subfield code="0">(OCoLC)fst01423814</subfield></datafield><datafield ind1=" " ind2="7" tag="651"><subfield code="a">Utah</subfield><subfield code="z">Cache County.</subfield><subfield code="2">fast</subfield><subfield code="0">(OCoLC)fst01218492</subfield></datafield><datafield ind1=" " ind2="7" tag="651"><subfield code="a">Utah</subfield><subfield code="z">Hyrum.</subfield><subfield code="2">fast</subfield><subfield code="0">(OCoLC)fst01231103</subfield></datafield><datafield ind1=" " ind2=" " tag="752"><subfield code="a">United States</subfield><subfield code="b">Utah</subfield><subfield code="c">Cache</subfield><subfield code="d">Hyrum.</subfield></datafield><datafield ind1="0" ind2="0" tag="785"><subfield code="t">Cache Valley herald</subfield><subfield code="w">(DLC)sn 86091568</subfield><subfield code="w">(OCoLC)14238106</subfield></datafield></record>